<record><leader>00000cas a2200000Ma 4500</leader><controlfield tag="001">175694911</controlfield><controlfield tag="007">hd afb---baca</controlfield><controlfield tag="008">940110d18701876nyuwr nea     0    0eng  </controlfield><datafield ind1=" " ind2=" " tag="010"><subfield code="a">sn 92062238 </subfield></datafield><datafield ind1=" " ind2=" " tag="040"><subfield code="a">DLC</subfield><subfield code="b">eng</subfield><subfield code="c">PUL</subfield><subfield code="d">OCLCG</subfield><subfield code="d">NUI</subfield><subfield code="d">OCLCF</subfield><subfield code="d">OCLCO</subfield></datafield><datafield ind1=" " ind2=" " tag="043"><subfield code="a">n-us---</subfield></datafield><datafield ind1="0" ind2="0" tag="245"><subfield code="a">Woodhull &amp; Claflin's weekly.</subfield></datafield><datafield ind1="0" ind2="0" tag="246"><subfield code="a">Woodhull and Claflin's weekly</subfield></datafield><datafield ind1=" " ind2=" " tag="260"><subfield code="a">New York, [N.Y.] :</subfield><subfield code="b">Victoria C. Woodhull &amp; Tennie C. Claflin,</subfield><subfield code="c">1870-1876.</subfield></datafield><datafield ind1=" " ind2=" " tag="300"><subfield code="a">12 v. ;</subfield><subfield code="c">41 cm.</subfield></datafield><datafield ind1=" " ind2=" " tag="310"><subfield code="a">Weekly</subfield></datafield><datafield ind1="0" ind2=" " tag="362"><subfield code="a">Vol. 1, no. 1 (May 14, 1870)-v. 12, no. 2 (June 10, 1876).</subfield></datafield><datafield ind1=" " ind2=" " tag="515"><subfield code="a">Issues for Nov. 19, 1870-June 10, 1876 also called: 27-288.</subfield></datafield><datafield ind1=" " ind2=" " tag="515"><subfield code="a">Publication suspended: June 29-Oct. 26 and Nov. 9-Dec. 21, 1872.</subfield></datafield><datafield ind1=" " ind2=" " tag="515"><subfield code="a">Apr. 20, 1872-Apr. 27, 1872: v. 4, no. 23-24 issued as v. 4, no. 21-22; June 1, 1872-June 8, 1872: v. 5, no. 1-2 issued as v. 4, no. 29-30; numbering skipped: v. 5, no. 3-4; not issued: v. 5, no. 6=110.</subfield></datafield><datafield ind1=" " ind2=" " tag="533"><subfield code="a">Microfilm.</subfield><subfield code="b">Ann Arbor, MI :</subfield><subfield code="c">UMI,</subfield><subfield code="d">19--.</subfield><subfield code="e">3 microfilm reels ; 35 mm.</subfield></datafield><datafield ind1=" " ind2=" " tag="539"><subfield code="a">d</subfield><subfield code="b">1870</subfield><subfield code="c">1876</subfield><subfield code="d">miu</subfield><subfield code="e">u</subfield><subfield code="f">u</subfield><subfield code="g">a</subfield></datafield><datafield ind1=" " ind2="0" tag="650"><subfield code="a">Women</subfield><subfield code="x">Suffrage</subfield><subfield code="v">Newspapers.</subfield></datafield><datafield ind1=" " ind2="7" tag="655"><subfield code="a">Newspapers.</subfield><subfield code="2">fast</subfield><subfield code="0">(OCoLC)fst01423814</subfield></datafield><datafield ind1=" " ind2="7" tag="650"><subfield code="a">Women</subfield><subfield code="x">Suffrage.</subfield><subfield code="2">fast</subfield><subfield code="0">(OCoLC)fst01176996</subfield></datafield><datafield ind1="1" ind2=" " tag="700"><subfield code="a">Woodhull, Victoria C.</subfield><subfield code="q">(Victoria Claflin),</subfield><subfield code="d">1838-1927.</subfield></datafield><datafield ind1="1" ind2=" " tag="700"><subfield code="a">Cook, Tennessee Claflin,</subfield><subfield code="c">Lady,</subfield><subfield code="d">1845-1923.</subfield></datafield></record>